% Encoding: UTF-8

@Comment{jabref-meta: databaseType:bibtex;}

@Comment{jabref-entrytype: thesis: req[author;school;title;type;year] opt[address;langid;month;note]}

@article{lie2023cerebras,
  title     = {Cerebras architecture deep dive: First look inside the hardware/software co-design for deep learning},
  author    = {Lie, Sean},
  journal   = {IEEE Micro},
  volume    = {43},
  number    = {3},
  pages     = {18--30},
  year      = {2023},
  publisher = {IEEE}
}

@article{tramm2024efficient,
  title     = {Efficient algorithms for Monte Carlo particle transport on AI accelerator hardware},
  author    = {Tramm, John and Allen, Bryce and Yoshii, Kazutomo and Siegel, Andrew and Wilson, Leighton},
  journal   = {Computer Physics Communications},
  volume    = {298},
  pages     = {109072},
  year      = {2024},
  publisher = {Elsevier}
}

@online{cerebras_gemv_tutorial,
  title       = {GEMV Tutorial 1: A Complete Program},
  author      = {{Cerebras Systems}},
  year        = {2025},
  month       = {5},
  day         = {27},
  lastchecked = {2025-07-01},
  url         = {https://sdk.cerebras.net/csl/tutorials/gemv-01-complete-program/}
}
